@article{cover1967nearest,
  title={Nearest neighbor pattern classification},
  author={Cover, Thomas and Hart, Peter},
  journal={IEEE Transactions on Information Theory},
  volume={13},
  number={1},
  pages={21--27},
  year={1967},
  publisher={IEEE}
}

@book{altman1992introduction,
  title={An Introduction to Financial Forecasting},
  author={Altman, Edward I. and Saunders, Anthony},
  year={1992},
  publisher={John Wiley \& Sons}
}

@inproceedings{caruana2006empirical,
  title={An empirical comparison of supervised learning algorithms},
  author={Caruana, Rich and Niculescu-Mizil, Alexandru},
  booktitle={Proceedings of the 23rd international conference on Machine learning},
  pages={161--168},
  year={2006},
  organization={ACM},
  doi={10.1145/1143844.1143865}
}